@BOOK{RTEssentials,
   author = "J. Vincent, R. Spier, D. Rolsky, D. Chamberlain and R. Foley",
   title= "RT Essentials",
   publisher = "A. Randal and T. Apandy",
   year = 2005
   }
