@BOOK{RTEssentials,
	author = "J. Vincent, R. Spier, D. Rolsky, D. Chamberlain and R. Foley",
	title= "RT Essentials",
	publisher = "A. Randal and T. Apandy",
	year = 2005
}

@BOOK{AdvancedThreatsCollaboration,
	author = "Julio Saráchaga",
	title= "Estado del arte para advanced threats, information sharing and collaboration",
	year = 2013
}

@BOOK{hidmef,
	author = "Cristine Hoepers, Nandamudi L. Vijaykumar, Antonio Montes",
	title = "HIDEF: a Data Exchange Format for Information Collected in Honeypots and Honeynets",
	publisher = "InfoComp - VOLUME 7 - NUMBER 1",
	year = 2008
}

@BOOK{JBH04,
	author = "Marko Jahnke, Michael Bussmann, Sven Henkel",
	title= "Components for Cooperative Intrusion Detection in Dynamic Coalition Enviroments",
	publisher = "RTO IST Symposium on Adaptive Defence in Unclassified Networks",
	year = 2004
}

@BOOK{idmef,
	author = "H. Debar, D. Curry and B. Feinstein",
	title = "RFC 4765 - IDMEF",
	publisher = "IETF",
	year = 2007
}

@BOOK{iodef,
	author = "R. Danyliw, J. Meijer and Y. Demchenko",
	title = "RFC 5070 - IODEF",
	publisher = "IETF",
	year = 2007
}

@BOOK{rid,
	author = "B. Trammell",
	title = "RFC 6546 - Transport of RID messages over HTTP/TLS",
	publisher = "IETF",
	year = 2012
}

@BOOK{rid1,
	author = "K. Moriarty and B. Trammell",
	title = "RFC 6546 - RID Messages",
	publisher = "IETF",
	year = 2010
}

@BOOK{stix,
	author = "Mitre Corporation",
	title = "STIX Whitepaper",
	publisher = "Mitre Corporation",
	year = 2012
}

@BOOK{taxii,
	author = "J. Connolly, M. Davidson, M. Richard and C. Skorupka",
	title = "TAXII Whitepaper",
	publisher = "Mitre Corporation",
	year = 2012
}

@BOOK{b1,
	author = "Mitre Corporation",
	title = "Cyber Information-Sharing Models: An Overview",
	publisher = "Mitre Corporation",
	year = 2012
}

@BOOK{b2,
	author = "Mitre Corporation",
	title = "A New Cyber Defense Playbook",
	publisher = "Mitre Corporation",
	year = 2012
}

@BOOK{cybex,
	author = "Anthony Rutkowski, Youki Kadobayashi, Inette Furey, Damir Rajnovic, Robert Martin & Takeshi Takahashi",
	title = "CYBEX - The Cybersecurity Information Exchange Framework",
	year = 2010
}

@BOOK{b3,
	author = "Mitre Corporation",
	title = "Active Defense Strategy for Cyber",
	publisher = "Mitre Corporation",
	year = 2012
}

@BOOK{b3,
	author = "Sebastiaan Tesink",
	title = "Improving CSIRT Communication Through Standardized and Secured Information Exchange",
	publisher = "Mitre Corporation",
	year = 2012
}

@BOOK{lockhead,
	author = "E.M. Hutchins, M.J. Cloppert and R.M Amin PH.D.",
	title = "Intelligence-Driven Computer Network Defense Informed by Analysis of Adversary Campaigns and Intrusion Kill Chains",
	year = 2005
}   

@BOOK{RTEssentials,
	author = "J. Vincent, R. Spier, D. Rolsky, D. Chamberlain and R. Foley",
	title= "RT Essentials",
	publisher = "A. Randal and T. Apandy",
	year = 2005
}

@BOOK{M15,
	author = "Mitre Corporation",
	title= "The TAXII XML Message Binding Specification",
	publisher = "Mitre Corporation",
	year = 2013
}

@BOOK{M12,
	author = "Mitre Corporation",
	title= "The TAXII HTTP Protocol Binding Specification",
	publisher = "Mitre Corporation",
	year = 2013
}

@BOOK{M13,
	author = "Mitre Corporation",
	title= "The TAXII HTTP Protocol Binding Specification",
	publisher = "Mitre Corporation",
	year = 2013
}

@BOOK{M14,
	author = "Mitre Corporation",
	title= "The TAXII Services Specification",
	publisher = "Mitre Corporation",
	year = 2013
}

@BOOK{JBH4,
	author = "Marko Jahnke, Michael Bussmann, Sven Henkel",
	title = "Components for Cooperative Intrusion Detection in Dynamic
	Coalition Enviroments",
	publisher = "RTO IST Symposium on Adaptive Defence in Unclassified Networks",
	year = 2004
}

@BOOK{JBH04,
	author = "Osvaldo Barrios, Mauricio Farías",
	title= "Proyecto Mahout",
	year = 2009
}

@MISC{Celery,
	title = {Celery},
	howpublished = {\url{http://www.celeryproject.org/}}
}

@MISC{Django,
	title = {Django},
	howpublished = {\url{https://www.djangoproject.com/}}
}

@MISC{libtaxii,
	title = {libtaxii}, 
	howpublished = {\url{https://github.com/TAXIIProject/libtaxii}}
}

@MISC{pythonstixgit,
	title = {Git of pythonstix},
	howpublished = {\url{https://github.com/STIXProject/python-stix}}
}

@MISC{pythonstixdoc,
	title = {Documentation of pythonstix},
	howpublished = {\url{http://stix.readthedocs.org/en/latest/}}
}
@MISC{rest_framework,
	title = {Rest Framework},
	howpublished = {\url{http://www.django-rest-framework.org/}}
}
@MISC{yeti,
	title = {YETI},
	howpublished = {\url{https://github.com/TAXIIProject/yeti}}
}   

@MISC{cybox,
title = {CYBOX},
howpublished = {\url{https://cybox.mitre.org/language/version2.1/#CYBOX%20samples}}	
}

@MISC{mitre,
	title = {MITRE},
	howpublished = {\url{http://www.mitre.org/}}	
}

@MISC{cve,
	title = {CVE Mitre},
	howpublished = {\url{https://cve.mitre.org/}}	
}

@MISC{bp,
	title = {BP},
	howpublished = {\url{www.bestpractical.com}}	
}

@MISC{spf,
	title = {SPF},
	howpublished = {\url{http://vim.spf13.com/}}	
}

@MISC{vim,
	title = {VIM},
	howpublished = {\url{http://www.vim.org/}}	
}

@MISC{xml,
	title = {XML},
	howpublished = {\url{http://www.w3.org/XML/}}	
}

@MISC{json,
	title = {JSON},
	howpublished = {\url{http://json.org/}}	
}

@MISC{ietf,
	title = {Internet Engineering Task Force},
	howpublished = {\url{https://www.ietf.org/}}	
}

@MISC{lwp,
	title = {LWP},
	howpublished = {\url{http://search.cpan.org/~mschilli/libwww-perl/lib/LWP.pm}}	
}

@MISC{capec,
	title = {CAPEC},
	howpublished = {\url{http://capec.mitre.org/}}	
}

@MISC{cwe,
	title = {CWE},
	howpublished = {\url{http://cwe.mitre.org/}}	
}

@MISC{secMesu,
	title = {Building Security in US},
	howpublished = {\url{https://buildsecurityin.us-cert.gov/}}	
}

@MISC{OVAL,
	title = {OVAL},
	howpublished = {\url{http://oval.mitre.org/}}	
}

@MISC{nist,
	title = {NIST},
	howpublished = {\url{http://nvd.nist.gov/cpe.cfm}}	
}

@MISC{maec,
	title = {MAEC},
	howpublished = {\url{http://maec.mitre.org/}}	
}

@MISC{scap,
	title = {SCAP},
	howpublished = {\url{http://scap.nist.gov/}}	
}

@MISC{msm,
	title = {Making Security Measurable},
	howpublished = {\url{http://makingsecuritymeasurable.mitre.org/}}	
}

@MISC{mysql,
	title = {MySQL},
	howpublished = {\url{http://www.mysql.com}}	
}

@MISC{janetRTIR,
	title = {A brief introduction to RTIR},
	howpublished = {\url{http://www.slideshare.net/obrajesse/a-brief-introduction-to-rtir-presentation}}	
}

@MISC{rest,
	title = {REST},
	howpublished = {\url{http://predic8.com/rest-webservices.htm}}	
}

@MISC{apache,
	title = {Apache Software Foundation},
	howpublished = {\url{http://www.apache.org/}}	
}