@book{Reference1,
      AUTHOR = {J. Vincent, R. Spier, D. Rolsky, D. Chamberlain and R. Foley},
      TITLE = {RT Essentials},
      PUBLISHER = {O'Reilly Media, Inc},
      ADDRESS = {105 Gravensein Highway North, Sebastopol, CA 95472},
      YEAR = 2005}