@BOOK{RTEssentials,
   author = "J. Vincent, R. Spier, D. Rolsky, D. Chamberlain and R. Foley",
   title= "RT Essentials",
   publisher = "A. Randal and T. Apandy",
   year = 2005
   }

@BOOK{idmef,
   author = "H. Debar, D. Curry and B. Feinstein",
   title = "RFC 4765 - IDMEF",
   publisher = "IETF",
   year = 2007
   }

@BOOK{iodef,
   author = "R. Danyliw, J. Meijer and Y. Demchenko",
   title = "RFC 5070 - IODEF",
   publisher = "IETF",
   year = 2007
   }
   
@BOOK{rid,
   author = "B. Trammell",
   title = "RFC 6546 - Transport of RID messages over HTTP/TLS",
   publisher = "IETF",
   year = 2012
   }
   
@BOOK{rid1,
   author = "K. Moriarty and B. Trammell",
   title = "RFC 6546 - RID Messages",
   publisher = "IETF",
   year = 2010
   }
   
@BOOK{stix,
   author = "Mitre Corporation",
   title = "STIX Whitepaper",
   publisher = "Mitre Corporation",
   year = 2012
   }
   
@BOOK{taxii,
   author = "J. Connolly, M. Davidson, M. Richard and C. Skorupka",
   title = "TAXII Whitepaper",
   publisher = "Mitre Corporation",
   year = 2012
   }
   
@BOOK{b1,
   author = "Mitre Corporation",
   title = "Cyber Information-Sharing Models: An Overview",
   publisher = "Mitre Corporation",
   year = 2012
   }

@BOOK{b2,
   author = "Mitre Corporation",
   title = "A New Cyber Defense Playbook",
   publisher = "Mitre Corporation",
   year = 2012
   }
   
@BOOK{b3,
   author = "Mitre Corporation",
   title = "Active Defense Strategy for Cyber",
   publisher = "Mitre Corporation",
   year = 2012
   }
   
@BOOK{lockhead,
   author = "E.M. Hutchins, M.J. Cloppert and R.M Amin PH.D.",
   title = "Intelligence-Driven Computer Network Defense Informed by Analysis of Adversary Campaigns and Intrusion Kill Chains",
   publisher = "Lockhead Martin",
   year = 2012
   }   
   

