@MISC{Celery,
	  title = {Celery},
		howpublished = {\url{http://www.celeryproject.org/}}
     }

@MISC{Django,
   title = {Django},
   howpublished = {\url{https://www.djangoproject.com/}}
   }

@MISC{libtaxii,
	title = {libtaxii}, 
   howpublished = {\url{https://github.com/TAXIIProject/libtaxii}}
   }

@MISC{pythonstixgit,
	title = {Git of pythonstix},
   howpublished = {\url{https://github.com/STIXProject/python-stix}}
   }

@MISC{pythonstixdoc,
	title = {Documentation of pythonstix},
	howpublished = {\url{http://stix.readthedocs.org/en/latest/}}
}
@MISC{rest_framework,
	title = {Rest Framework},
	howpublished = {\url{http://www.django-rest-framework.org/}}
}
@MISC{yeti,
	title = {YETI},
	howpublished = {\url{https://github.com/TAXIIProject/yeti}}
}   
   
   
