% This file was created with JabRef 2.7b.
% Encoding: UTF-8

@MISC{akamai,
  author = {{Akamai}},
  title = {{State of the Internet}},
  howpublished = {\url{http://www.akamai.com/stateoftheinternet/}}
}

@TECHREPORT{alexa,
  author = {{Amazon}},
  title = {{Alexa Internet, Inc.}},
  institution = {{Internet Engineering Task Force}},
  year = {{1996}},
  howpublished = {\url{http://www.alexa.com}},
  owner = {{fabian}},
  timestamp = {{2013.02.27}}
}

@MISC{web_page_test,
  author = {{AOL Google}},
  title = {{Web Page Test}},
  howpublished = {\url{http://www.webpagetest.org/}},
  year = {{2008}},
  institution = {{Google}},
  owner = {{fabian}},
  timestamp = {{2013.02.27}}
}

@MISC{nginx_vs_apache,
  author = {{Carlos Rodriguez}},
  title = {{Rails hosting survey 2012 results}},
  howpublished = {\url{http://blog.planetargon.com/entries/2012/8/14/rails-hosting-survey-2012-results-are-in}},
  year = {{2012}}
}

@MISC{github,
  author = {{Chris Wanstrath,PJ Hyett, and Tom Preston-Werner}},
  title = {{Github}},
  howpublished = {\url{http://www.github.com/}}
}

@MISC{compass,
  author = {{Christopher M. Eppstein}},
  title = {{Compass}},
  howpublished = {\url{http://compass-style.org/}},
  institution = {{Compass}},
  owner = {{lucia}},
  timestamp = {{2013.03.18}}
}

@MISC{diasp_comunidad,
  author = {{Daniel Grippi and Maxwell Salzberg}},
  title = {{Diaspora Will Now Be A Community Project}},
  howpublished = {\url{http://blog.diasporafoundation.org/2012/08/27/announcement-diaspora-will-now-be-a-community-project.html}},
  institution = {{The Diaspora Project}}
}

@MISC{rubyonrails,
  author = {{David Heinemeier Hansson}},
  title = {{Ruby on Rails}},
  howpublished = {\url{http://rubyonrails.org/}}
}

@MISC{rfc1952,
  author = {{Deutsch, L. Peter}},
  title = {{GZIP file format specification version 4.3}},
  howpublished = {{Internet RFC 1952}},
  month = May,
  year = {{1996}},
  added-at = {{2009-01-14T00:43:43.000+0100}},
  biburl = {{http://www.bibsonomy.org/bibtex/2f5ef76629dec47a14c3581f2a58db8c2/dret}},
  description = {{dret'd bibliography}},
  index = {{gzip}},
  interhash = {{dd4124cb854935f75ec63e711120d714}},
  intrahash = {{f5ef76629dec47a14c3581f2a58db8c2}},
  keywords = {{imported}},
  src = {{EW: ~/papers/bibtex}},
  timestamp = {{2009-01-14T00:43:43.000+0100}}
}

@MISC{copyright,
  author = {{Diaspora}},
  title = {{Diaspora Copyright}},
  howpublished = {\url{https://github.com/diaspora/diaspora/blob/develop/COPYRIGHT}}
}

@MISC{diasp_stats,
  author = {{Diaspora}},
  title = {{How many users are in the DIASPORA network? https://diasp.eu/stats.html}},
  howpublished = {\url{https://diasp.eu/stats.html}},
  year = {{2013}},
  institution = {{Diaspora}},
  owner = {{lucia}},
  timestamp = {{2013.03.06}}
}

@MISC{diasp_backbone,
  author = {{Diaspora}},
  title = {{Client side re-write}},
  howpublished = {\url{http://diaspora-project.org/news/tue-01102012-1851/client-side-re-write-oh-my}},
  month = {{October}},
  year = {{2012}},
  institution = {{Diaspora}},
  owner = {{lucia}},
  timestamp = {{2013.03.19}}
}

@MISC{agpl,
  author = {{Free Software Foundation}},
  title = {{Gnu Affero General Public License}},
  howpublished = {\url{http://www.gnu.org/licenses/agpl-3.0.html}}
}

@MISC{amdahl,
  author = {{Gene Amdahl}},
  title = {{Ley de Amdhal}},
  howpublished = {\url{http://en.wikipedia.org/wiki/Amdahl's_law}}
}

@MISC{page_speed,
  author = {{Google}},
  title = {{Page Speed}},
  howpublished = {\url{https://developers.google.com/speed/pagespeed/}},
  year = {{2010}},
  institution = {{Google}},
  owner = {{fabian}},
  timestamp = {{2013.02.27}}
}

@MISC{grivorik,
  author = {{Ilia Grivorik}},
  title = {{Latency: the new web performance bottleneck}},
  howpublished = {\url{http://www.igvita.com/2012/07/19/latency-the-new-web-performance-bottleneck/}}
}

@TECHREPORT{rfc793,
  author = {{J. B. Postel}},
  title = {{Transmission Control Protocol}},
  institution = {{Internet Engineering Task Force}},
  year = {{1981}},
  type = {{RFC}},
  number = {{793}},
  month = sep,
  abstract = {{The specification of TCP. Replaces RFCs 761 and 675. This document
	describes the DoD Standard Transmission Control Protocol (TCP). There
	have been nine earlier editions of the ARPA TCP specification on
	which this standard is based, and the present text draws heavily
	from them. There have been many contributors to this work both in
	terms of concepts and in terms of text. This edition clarifies several
	details and removes the end-of-letter buffer-size adjustments, and
	redescribes the letter mechanism as a push function.}},
  days = {{15}},
  howpublished = {\url{http://www.rfc-editor.org/rfc/rfc793.txt}},
  owner = {{lucia}},
  pages = {{85}},
  timestamp = {{2013.02.27}}
}

@MISC{irc,
  author = {{Jarkko Oikarinen}},
  title = {{Internet Relay Chat}},
  howpublished = {\url{http://en.wikipedia.org/wiki/Internet_Relay_Chat}}
}

@TECHREPORT{rfc2397,
  author = {{L. Masinter}},
  title = {{The {"}data{"} {URL} scheme}},
  institution = {{Internet Engineering Task Force}},
  year = {{1998}},
  type = {{RFC}},
  number = {{2397}},
  month = aug,
  abstract = {{A new URL scheme, {"}data{"}, is defined. It allows inclusion of
	small data items as {"}immediate{"} data, as if it had been included
	externally.}},
  days = {{15}},
  howpublished = {\url{http://www.rfc-editor.org/rfc/rfc2397.txt}},
  owner = {{fabian}},
  pages = {{5}},
  timestamp = {{2012.05.04}}
}

@MISC{loomio_fabian,
  author = {{Loomio}},
  title = {{Add Fabian Rodriguez to the Core Team}},
  howpublished = {\url{https://www.loomio.org/discussions/2087?proposal=1356}},
  year = {{2009}},
  institution = {{Loomio}}
}

@BOOK{Meier:2007:PTG:1461439,
  title = {{Performance testing guidance for web applications: patterns \& practices}},
  publisher = {{Microsoft Press}},
  year = {{2007}},
  author = {{Meier, J. and Farre, Carlos and Bansode, Prashant and Barber, Scott
	and Rea, Dennis}},
  address = {{Redmond, WA, USA}},
  isbn = {{9780735625709}}
}

@MISC{mike_belshe,
  author = {{Mike Belshe}},
  title = {{More bandwith does not matter much}},
  howpublished = {\url{http://www.belshe.com/2010/05/24/more-bandwidth-doesnt-matter-much/}}
}

@MISC{new_relic,
  author = {{New Relic Inc}},
  title = {{New Relic}},
  howpublished = {\url{http://newrelic.com/}},
  year = {{2010}},
  institution = {{New Relic Inc}}
}

@BOOK{Nielsen:1993,
  title = {{Usability Engineering}},
  publisher = {{Morgan Kaufmann Publishers Inc.}},
  year = {{1993}},
  author = {{Nielsen, Jakob}},
  address = {{San Francisco, CA, USA}},
  isbn = {{0125184050}}
}

@TECHREPORT{rfc1950,
  author = {{P. Deutsch and J-l. Gailly}},
  title = {{{ZLIB} Compressed Data Format Specification version {3.3}}},
  institution = {{Internet Engineering Task Force}},
  year = {{1996}},
  type = {{RFC}},
  number = {{1950}},
  month = may,
  abstract = {{This specification defines a lossless compressed data format. The
	data can be produced or consumed, even for an arbitrarily long sequentially
	presented input data stream, using only an a priori bounded amount
	of intermediate storage. The format presently uses the DEFLATE compression
	method but can be easily extended to use other compression methods.
	It can be implemented readily in a manner not covered by patents.
	This specification also defines the ADLER-32 checksum (an extension
	and improvement of the Fletcher checksum), used for detection of
	data corruption, and provides an algorithm for computing it.}},
  days = {{15}},
  howpublished = {\url{http://www.rfc-editor.org/rfc/rfc1950.txt}},
  owner = {{lucia}},
  pages = {{11}},
  timestamp = {{2013.02.27}}
}

@TECHREPORT{rfc2616,
  author = {{R. Fielding and J. Gettys and J. C. Mogul and H. Frystyk and L.
	Masinter and P. J. Leach and T. Berners-Lee}},
  title = {{Hypertext Transfer Protocol {--} {HTTP/1.1}}},
  institution = {{Internet Engineering Task Force}},
  year = {{1999}},
  type = {{RFC}},
  number = {{2616}},
  month = jun,
  abstract = {{The Hypertext Transfer Protocol (HTTP) is an application-level protocol
	for distributed, collaborative, hypermedia information systems. It
	is a generic, stateless, protocol which can be used for many tasks
	beyond its use for hypertext, such as name servers and distributed
	object management systems, through extension of its request methods,
	error codes and headers. A feature of HTTP is the typing and negotiation
	of data representation, allowing systems to be built independently
	of the data being transferred.}},
  days = {{15}},
  howpublished = {\url{http://www.rfc-editor.org/rfc/rfc2616.txt}},
  owner = {{lucia}},
  pages = {{176}},
  timestamp = {{2013.02.27}}
}

@BOOK{souders2009even,
  title = {{Even faster web sites}},
  publisher = {{O'Reilly}},
  year = {{2009}},
  author = {{Souders, Steve}},
  address = {{Sebastopol}},
  isbn = {{0596522304}}
}

@BOOK{souders2007high,
  title = {{High performance web sites : essential knowledge for frontend engineers}},
  publisher = {{O\'Reilly}},
  year = {{2007}},
  author = {{Souders, Steve}},
  address = {{Farnham}},
  isbn = {{0596529309}}
}

@MISC{jmeter,
  author = {{The Apache Software Foundation}},
  title = {{JMeter}},
  howpublished = {\url{http://jmeter.apache.org/}},
  institution = {{The Apache Software Foundation}}
}

@MISC{nginx_perf,
  author = {{Wiki Vs}},
  title = {{Apache vs Nginx}},
  howpublished = {\url{http://www.wikivs.com/wiki/Apache_vs_nginx}},
  institution = {{Wiki Vs}}
}

@MISC{yslow,
  author = {{Yahoo!}},
  title = {{YSlow}},
  howpublished = {http://yslow.org/}
}

@MISC{jasmine,
  author = {{Pivotal Labs}},
  title = {{Jasmine}},
  howpublished = {http://pivotal.github.com/jasmine/}
}

@MISC{backbone,
  author = {{Document Cloud}},
  title = {{Backbone}},
  howpublished = {http://backbonejs.org/}
}

@MISC{handlebars,
  author = {{Yehuda Katz}},
  title = {{Handlebars}},
  howpublished = {http://http://handlebarsjs.com/}
}

@MISC{thin,
  author = {{Marc-André Cournoyer}},
  title = {{Thin}},
  howpublished = {http://code.macournoyer.com/thin/}
}

@MISC{phusion_passenger,
  author = {{Phusion}},
  title = {{Phusion Passenger}},
  howpublished = {https://www.phusionpassenger.com/}
}

@MISC{ruby,
  author = {{Yukihiro Matsumoto}},
  title = {{Ruby}},
  howpublished = {http://www.ruby-lang.org/en}
}

@MISC{git,
  author = {{Linus Torvalds}},
  title = {{Git}},
  howpublished = {http://git-scm.com/}
}

@MISC{nginx,
  author = {{Igor Sysoev}},
  title = {{Nginx}},
  howpublished = {http://nginx.org/}
}

@MISC{apache,
  author = {{The Apache Software Foundation}},
  title = {{Apache}},
  howpublished = {http://www.apache.org/}
}

@MISC{capistrano,
  author = {{Jamis Buck and Lee Hambley}},
  title = {{Capistrano}},
  howpublished = {https://github.com/capistrano/capistrano}
}

@comment{jabref-meta: selector_publisher:}

@comment{jabref-meta: selector_author:}

@comment{jabref-meta: selector_journal:}

@comment{jabref-meta: selector_keywords:}

