@TECHREPORT{alexa,
  title = {Alexa Internet, Inc.},
  author = {Amazon},
  institution = {Internet Engineering Task Force},
  owner = {fabian},
  year = 1996,
  url = {http://www.alexa.com}
}

@TECHREPORT{page_speed,
  title = {Page Speed},
  author = {Google},
  institution = {Google},
  owner = {fabian},
  year = 2010,
  url = {http://www.alexa.com}
}

@TECHREPORT{web_page_test,
  title = {Page Speed},
  author = {AOL Google},
  institution = {Google},
  owner = {fabian},
  year = 2008,
  url = {http://www.webpagetest.org/}
}
