@BOOK{M15,
   author = "Mitre Corporation",
   title= "The TAXII XML Message Binding Specification",
   publisher = "Mitre Corporation",
   year = 2013
   }

@BOOK{M12,
   author = "Mitre Corporation",
   title= "The TAXII HTTP Protocol Binding Specification",
   publisher = "Mitre Corporation",
   year = 2013
   }

@BOOK{M14,
   author = "Mitre Corporation",
   title= "The TAXII Services Specification",
   publisher = "Mitre Corporation",
   year = 2013
   }

@BOOK{JBH4,
   author = "Marko Jahnke, Michael Bussmann, Sven Henkel",
   title = "Components for Cooperative Intrusion Detection in Dynamic
Coalition Enviroments",
   publisher = "RTO IST Symposium on Adaptive Defence in Unclassified Networks",
   year = 2004
   }
